@article{journals/corr/AlonCDK15,
	author    = {Noga Alon and
	Nicol{\`{o}} Cesa{-}Bianchi and
	Ofer Dekel and
	Tomer Koren},
	title     = {Online Learning with Feedback Graphs: Beyond Bandits},
	journal   = {CoRR},
	volume    = {abs/1502.07617},
	year      = {2015},
	url       = {http://arxiv.org/abs/1502.07617},
	timestamp = {Mon, 02 Mar 2015 14:17:34 +0100},
	biburl    = {http://dblp.uni-trier.de/rec/bib/journals/corr/AlonCDK15},
	bibsource = {dblp computer science bibliography, http://dblp.org}
}